@article{asfahl2015nonsocial,
    title = {Non-social adaptation defers a tragedy of the commons in {Pseudomonas aeruginosa} quorum sensing},
    author = {Asfahl, Kyle L. and Walsh, Jessica and Gilbert, Kerrigan and Schuster, Martin},
    journal = {The ISME Journal},
    year = {2015},
    month = {Jan},
    day = {23},
    doi = {10.1038/ismej.2014.259}
}

@article{brown2001cooperation,                                                                                                                                  
    author = {Brown, S. P. and Johnstone, R. A.},                                                                                                               
    title = {Cooperation in the dark: signalling and collective action in quorum-sensing bacteria},                                                             
    journal = {Proceedings of the Royal Society of London B: Biological Sciences},                                                                              
    volume = {268},                                                                                                                                             
    number = {1470},                                                                                                                                            
    pages = {961--965},                                                                                                                                         
    year = {2001},                                                                                                                                              
    doi = {10.1098/rspb.2001.1609}
}

@article{dandekar2012bacterial,
    author = {Dandekar, Ajai A. and Chugani, Sudha and Greenberg, E. Peter}, 
    title = {Bacterial Quorum Sensing and Metabolic Incentives to Cooperate},
    journal = {Science},
    volume = {338}, 
    number = {6104}, 
    pages = {264--266}, 
    year = {2012}, 
    doi = {10.1126/science.1227289}
}

@article{darch2012density,
    author = {Darch, Sophie E. and West, Stuart A. and Winzer, Klaus and Diggle, Stephen P.},
    title = {Density-dependent fitness benefits in quorum-sensing bacterial populations},
    journal = {Proceedings of the National Academy of Sciences},
    volume = {109},
    number = {21},
    pages = {8259--8263},
    year = {2012},
    doi = {10.1073/pnas.1118131109}
}

@article{fletcher2009simple,
    title = {A simple and general explanation for the evolution of altruism},
    author = {Fletcher, Jeffrey A and Doebeli, Michael}, 
    journal = {Proceedings of the Royal Society B: Biological Sciences},
    volume = {276}, 
    number = {1654}, 
    pages = {13--19}, 
    year = {2009}, 
    doi = {10.1098/rspb.2008.0829}
}

@article{foster2004pleiotropy,
    title={Pleiotropy as a mechanism to stabilize cooperation},                 
    author={Foster, K.R. and Shaulsky, G. and Strassmann, J.E. and Queller, D.C. and Thompson, C.R.L.},
    journal={Nature},
    volume={431},
    number={7009},
    pages={693--696},
    year={2004},
    publisher={Nature Publishing Group}
}

@article{gardner2010greenbeards,
    author = {Gardner, Andy and West, Stuart A.},
    title = {Greenbeards},
    journal = {Evolution},
    year = {2010},
    volume = {64},
    number = {1},
    pages = {25--38},
    doi = {10.1111/j.1558-5646.2009.00842.x},
}

@article{hamblin2014viral,
    title = {Viral niche construction alters hosts and ecosystems at multiple scales},
    author = {Hamblin, Steven R. and White, Peter A. and Tanaka, Mark M.},
    journal = {Trends in Ecology \& Evolution},
    volume = {29},
    number = {11},
    pages = {594--599},
    year = {2014},
    doi = {10.1016/j.tree.2014.08.005}
}

@article{hamilton1964geneticalboth,                                             
    title={The genetical evolution of social behaviour {I \& II}},              
    author={Hamilton, William D.},                                              
    journal={Journal of Theoretical Biology},                                   
    volume={7},                                                                 
    pages={1--52},                                                              
    year={1964}                                                                 
}

@article{hardin1968tragedy,                                                     
    author = {Hardin, Garrett},                                                 
    title = {The Tragedy of the Commons},                                       
    journal = {Science} ,                                                       
    volume = {162},                                                             
    number = {3859},                                                            
    pages = {1243--1248},                                                       
    year = {1968},                                                              
    doi = {10.1126/science.162.3859.1243}                                       
}

@article{kudzalfick2011high,
    author = {Kuzdzal-Fick, Jennie J. and Fox, Sara A. and Strassmann, Joan E. and Queller, David C.}, 
    title = {High Relatedness Is Necessary and Sufficient to Maintain Multicellularity in {Dictyostelium}},
    journal = {Science},
    volume = {334}, 
    number = {6062}, 
    pages = {1548--1551}, 
    year = {2011}, 
    doi = {10.1126/science.1213272}
}

@article{laland1996evolutionary,
    author = {Laland, K. N. and Odling-Smee, F. J. and Feldman, M. W.},
    title = {The evolutionary consequences of niche construction: a theoretical investigation using two-locus theory},
    journal = {Journal of Evolutionary Biology},
    volume = {9},
    number = {3},
    doi = {10.1046/j.1420-9101.1996.9030293.x},
    pages = {293--316},
    year = {1996}
}

@inproceedings{mckinney2010data,
    author = {Wes McKinney},
    title = {Data Structures for Statistical Computing in Python},
    booktitle = {Proceedings of the 9th Python in Science Conference},
    pages = {51--56},
    year = {2010},
    editor = {St\'efan van der Walt and Jarrod Millman}
}

@article{morgan2012selection,
    author = {Morgan, Andrew D. and Quigley, Benjamin J. Z. and Brown, Sam P. and Buckling, Angus},
    title = {Selection on non-social traits limits the invasion of social cheats},
    journal = {Ecology Letters},
    year = {2012},
    volume = {15},
    number = {8},
    pages = {841--846},
    doi = {10.1111/j.1461-0248.2012.01805.x}
}

@article{nadell2010emergence,
    title = {Emergence of Spatial Structure in Cell Groups and the Evolution of Cooperation},
    author = {Nadell, Carey D. and Foster, Kevin R. and Xavier, João B.},
    journal = {PLoS Computational Biology},
    year = {2010},
    month = {03},
    volume = {6},
    number = {3},
    pages = {e1000716},
    doi = {10.1371/journal.pcbi.1000716}
}

@article{nowak2006five,
    author = {Nowak, Martin A.},
    title = {Five Rules for the Evolution of Cooperation},
    journal = {Science},
    volume = {314}, 
    number = {5805}, 
    pages = {1560--1563},
    year = {2006}, 
    doi = {10.1126/science.1133755}
}


@book{odling2003niche,
    title = {Niche construction: the neglected process in evolution},
    author = {Odling-Smee, F John and Laland, Kevin N and Feldman, Marcus W},
    number = {37},
    year = {2003},
    publisher = {Princeton University Press}
}

@article{vandyken2012origins,
    author = {Van Dyken, J. David and Wade, Michael J.},
    title = {Origins of Altruism Diversity {II}: Runaway Coevolution of Altruistic Strategies via “Reciprocal Niche Construction”},
    journal = {Evolution},
    volume = {66},
    number = {8},
    doi = {10.1111/j.1558-5646.2012.01629.x},
    pages = {2498--2513},
    year = {2012}
}

@article{waite2012adaptation,
    author = {Waite, Adam James and Shou, Wenying},
    title = {Adaptation to a new environment allows cooperators to purge cheaters stochastically},
    journal = {Proceedings of the National Academy of Sciences},
    volume = {109},
    number = {47},
    pages = {19079--19086},
    year = {2012},
    doi = {10.1073/pnas.1210190109}
}

@article{west2007evolutionary,
    title = {Evolutionary Explanations for Cooperation},
    author = {West, Stuart A. and Griffin, Ashleigh S. and Gardner, Andy},
    journal = {Current Biology},
    volume = {17},
    number = {16},
    pages = {R661--R672},
    year = {2007},
    doi = {10.1016/j.cub.2007.06.004}
}

