@MastersThesis{connelly2005distributed,
    author={Connelly, B.D.},
    title={A distributed approach to managing large simulation data sets},
    school={Michigan State University},
    year={2005},
    month={May},
}

@inproceedings{connelly2006adaptively,
    title={Adaptively Routing {P2P} Queries Using Association Analysis},
    author={Connelly, B.D. and Bowron, C.W. and Xiao, L. and Tan, P-N. and Wang, C.},
    booktitle={Proceedings of the 2006 International Conference on Parallel Processing},
    pages={281--288},
    year={2006}
}

@inproceedings{connelly2009aevolving,
    author={Connelly, B.D. and McKinley, P.K. and Beckmann, B.E.},
    title={Evolving Cooperative Pheromone Usage in Digital Organisms},
    booktitle={Proceedings of IEEE Symposium on Artificial Life},
    year={2009},
    pages={184--191},
    language={English}
}

@inproceedings{connelly2009evolving,
    author={Connelly, B.D. and McKinley, P.K.},
    title={Evolving Social Behavior in Adverse Environments},
    year={2009},
    pages={498--498},
    booktitle={Proceedings of 10th European Conference on Articial Life}
}

@inproceedings{connelly2010resource,
    author={Connelly, B.D. and Beckmann, B.E. and McKinley, P.K.},
    title={Resource Abundance Promotes the Evolution of Public Goods Cooperation},
    year={2010},
    booktitle={Proceedings of the Genetic and Evolutionary Computation Conference},
    pages={143--150}
}

@inproceedings{feig2008simulating,
    title={Simulating Biomolecules in Cellular Environments},
    author={Feig, M. and Tanizaki, S. and Chocholousova, J. and Sayadi, M. and Clifford, J.W. and Connelly, B.D. and Mukherjee, Shayantani and Law, Sean M.},
    booktitle={Proceedings of the NIC Workshop, From Computational Biophysics to Systems Biology (CBSB08)},
    pages={23--39},
    year={2008}
}

@article{tanizaki2008conformational,
    title={Conformational sampling of peptides in cellular environments},
    author={Tanizaki, S. and Clifford, J.W. and Connelly, B.D. and Feig, M.},
    journal={Biophysical Journal},
    volume={94},
    number={3},
    pages={747--759},
    year={2008},
    publisher={Elsevier}
}

@inproceedings{connelly2010social,
    title={Social Structure and the Maintenance of Biodiversity},
    author={Connelly, B.D. and Zaman, L. and Ofria, C. and McKinley, P.K.},
    booktitle={Proceedings of the 12th International Conference on the Synthesis and Simulation of Living Systems (ALIFE)},
    year={2010},
    pages={461--468}
}

@inproceedings{connelly2011modeling,
    author={Connelly, B.D. and Zaman, L. and McKinley, P.K. and Ofria, C.},
    title={Modeling the Evolutionary Dynamics of Plasmids in Spatial Populations},
    year={2011},
    booktitle={Proceedings of the Genetic and Evolutionary Computation Conference},
    pages={227--233}
}

@phdthesis{connelly2012ecological,
    author={Connelly, B.D.},
    title={Ecological Effects on the Evolution of Cooperative Behaviors},
    school={Michigan State University},
    year={2012},
    month={April}
}

@article{beckmann2012evolution,
    title={Evolution of resistance to quorum quenching in digital organisms},
    author={Beckmann, B.E. and Knoester, D.B. and Connelly, B.D. and Waters, C.M. and McKinley, P.K.},
    journal={Artificial Life},
    year={2012},
    volume={18},
    number={3},
    pages={1--20},
}

@inproceedings{connelly2012seeds,
    author={Connelly, B.D. and Zaman, L. and McKinley, P.K.},
    title={The SEEDS Platform for Evolutionary and Ecological Simulations},
    year={2012},
    booktitle={Proceedings of the Genetic and Evolutionary Computation Conference},
    pages={133--140}
}

@article{res-coop,
    title={Resource Abundance and the Critical Transition to Cooperation},
    author={Connelly, B.D. and Waters, C.M. and McKinley, P.K.},
    journal={In Preparation},
    year={2012}
}
